{"text": "\n        Product: Cheese, Mozzarella, Wmlm, Feather Shred, Nb, 4/5 Lb - 124254\n        Price: $53.98\n        Price per Unit: $2.70/LB\n        Brand: North Beach\n        Category: Cheese\n        ", "metadata": {"title": "Cheese, Mozzarella, Wmlm, Feather Shred, Nb, 4/5 Lb - 124254", "price": "$53.98", "price_per_unit": "$2.70/LB", "brand": "North Beach", "category": "Cheese", "image_url": "https://shop.kimelo.com/_next/image?url=https%3A%2F%2Fd3tlizm80tjdt4.cloudfront.net%2Fremote_images%2Fimage%2F2114%2Fsmall%2Fb41784f854f03efedc29d73d0a248d0dac389d704b7101205d.jpg&w=3840&q=50", "product_url": "https://shop.kimelo.com/sku/cheese-mozzarella-wmlm-feather-shred-nb-45-lb-124254/124254"}}
{"text": "\n        Product: Cheese, American, 120 Slice, Yellow, (4) 5 Lb - 103674\n        Price: $16.76\n        Price per Unit: $3.35/LB\n        Brand: Schreiber\n        Category: Cheese\n        ", "metadata": {"title": "Cheese, American, 120 Slice, Yellow, (4) 5 Lb - 103674", "price": "$16.76", "price_per_unit": "$3.35/LB", "brand": "Schreiber", "category": "Cheese", "image_url": "https://shop.kimelo.com/_next/image?url=https%3A%2F%2Fd3tlizm80tjdt4.cloudfront.net%2Fimage%2F15196%2Fimage%2Fsm-af4d520ed6ba1c0a2c2dbddaffd35ce4.png&w=3840&q=50", "product_url": "https://shop.kimelo.com/sku/cheese-american-120-slice-yellow-4-5-lb-103674/103674"}}
{"text": "\n        Product: Cheese, Cheddar, Shredded, Fancy, Mild, (4) - 106832\n        Price: $16.46\n        Price per Unit: $3.29/LB\n        Brand: Cheswick\n        Category: Cheese\n        ", "metadata": {"title": "Cheese, Cheddar, Shredded, Fancy, Mild, (4) - 106832", "price": "$16.46", "price_per_unit": "$3.29/LB", "brand": "Cheswick", "category": "Cheese", "image_url": "https://shop.kimelo.com/_next/image?url=https%3A%2F%2Fd3tlizm80tjdt4.cloudfront.net%2Fimage%2F15193%2Fimage%2Fsm-dba02abeba78ee707501f521a0557481.png&w=3840&q=50", "product_url": "https://shop.kimelo.com/sku/cheese-cheddar-shredded-fancy-mild-4-106832/106832"}}
{"text": "\n        Product: Cheese, Cheddar, Mild, Sliced, (8) - 103600\n        Price: $6.89\n        Price per Unit: $4.59/LB\n        Brand: California Select Farms\n        Category: Cheese\n        ", "metadata": {"title": "Cheese, Cheddar, Mild, Sliced, (8) - 103600", "price": "$6.89", "price_per_unit": "$4.59/LB", "brand": "California Select Farms", "category": "Cheese", "image_url": "https://shop.kimelo.com/_next/image?url=https%3A%2F%2Fd3tlizm80tjdt4.cloudfront.net%2Fimage%2F8965%2Fimage%2Fsm-137bd810e22f0b816f7a749f30bb60f4.jpeg&w=3840&q=50", "product_url": "https://shop.kimelo.com/sku/cheese-cheddar-mild-sliced-8-103600/103600"}}
{"text": "\n        Product: Cheese, Parmesan, Grated, Imported, (4) 5 Lb - 111522\n        Price: $30.18\n        Price per Unit: $6.04/LB\n        Brand: Galbani\n        Category: Cheese\n        ", "metadata": {"title": "Cheese, Parmesan, Grated, Imported, (4) 5 Lb - 111522", "price": "$30.18", "price_per_unit": "$6.04/LB", "brand": "Galbani", "category": "Cheese", "image_url": "https://shop.kimelo.com/_next/image?url=https%3A%2F%2Fd3tlizm80tjdt4.cloudfront.net%2Fimage%2F10794%2Fimage%2Fsm-313ae66972cd7064da6bcf09c337ae5a.png&w=3840&q=50", "product_url": "https://shop.kimelo.com/sku/cheese-parmesan-grated-imported-4-5-lb-111522/111522"}}
{"text": "\n        Product: Cheese, Parmesan, Shaved, (4) 5 Lb - 106816\n        Price: $26.44\n        Price per Unit: $5.29/LB\n        Brand: Galbani\n        Category: Cheese\n        ", "metadata": {"title": "Cheese, Parmesan, Shaved, (4) 5 Lb - 106816", "price": "$26.44", "price_per_unit": "$5.29/LB", "brand": "Galbani", "category": "Cheese", "image_url": "https://shop.kimelo.com/_next/image?url=https%3A%2F%2Fd3tlizm80tjdt4.cloudfront.net%2Fimage%2F2865%2Fimage%2Fsm-7f83700059c075a212d5756e9c4e7073.jpg&w=3840&q=50", "product_url": "https://shop.kimelo.com/sku/cheese-parmesan-shaved-4-5-lb-106816/106816"}}
{"text": "\n        Product: Cheese, Ricotta, (4) 5lb - 108718\n        Price: $16.89\n        Price per Unit: $3.38/LB\n        Brand: Galbani\n        Category: Cheese\n        ", "metadata": {"title": "Cheese, Ricotta, (4) 5lb - 108718", "price": "$16.89", "price_per_unit": "$3.38/LB", "brand": "Galbani", "category": "Cheese", "image_url": "https://shop.kimelo.com/_next/image?url=https%3A%2F%2Fd3tlizm80tjdt4.cloudfront.net%2Fimage%2F15218%2Fimage%2Fsm-466292604c156f994ceac17cbcf40f9e.png&w=3840&q=50", "product_url": "https://shop.kimelo.com/sku/cheese-ricotta-4-5lb-108718/108718"}}
{"text": "\n        Product: Cheese, Cream, Loaf, Philadelphia, (6) 3 Lb - 103663\n        Price: $16.13\n        Price per Unit: $5.38/LB\n        Brand: Philadelphia\n        Category: Cheese\n        ", "metadata": {"title": "Cheese, Cream, Loaf, Philadelphia, (6) 3 Lb - 103663", "price": "$16.13", "price_per_unit": "$5.38/LB", "brand": "Philadelphia", "category": "Cheese", "image_url": "https://shop.kimelo.com/_next/image?url=https%3A%2F%2Fd3tlizm80tjdt4.cloudfront.net%2Fimage%2F1544%2Fimage%2Fsm-b2bb50a2b1ae90153c2401ff9f0214df.jpg&w=3840&q=50", "product_url": "https://shop.kimelo.com/sku/cheese-cream-loaf-philadelphia-6-3-lb-103663/103663"}}
{"text": "\n        Product: Cheese, Shredded, Jack & Cheddar Blend, Fancy, (4) 5 Lb - 103664\n        Price: $14.71\n        Price per Unit: $2.94/LB\n        Brand: Packer\n        Category: Cheese\n        ", "metadata": {"title": "Cheese, Shredded, Jack & Cheddar Blend, Fancy, (4) 5 Lb - 103664", "price": "$14.71", "price_per_unit": "$2.94/LB", "brand": "Packer", "category": "Cheese", "image_url": "https://shop.kimelo.com/_next/image?url=https%3A%2F%2Fd3tlizm80tjdt4.cloudfront.net%2Fremote_images%2Fimage%2F7672%2Fsmall%2F63a1d4191c5e3258376922c1599c780ef012ec6bf3828fa409.jpg&w=3840&q=50", "product_url": "https://shop.kimelo.com/sku/cheese-shredded-jack-cheddar-blend-fancy-4-5-lb-103664/103664"}}
{"text": "\n        Product: Cheese, Jack Pepper, Sliced, (8) 1.5 Lb 124829\n        Price: $6.72\n        Price per Unit: $4.48/LB\n        Brand: Cal Premium\n        Category: Cheese\n        ", "metadata": {"title": "Cheese, Jack Pepper, Sliced, (8) 1.5 Lb 124829", "price": "$6.72", "price_per_unit": "$4.48/LB", "brand": "Cal Premium", "category": "Cheese", "image_url": "https://shop.kimelo.com/_next/image?url=https%3A%2F%2Fd3tlizm80tjdt4.cloudfront.net%2Fremote_images%2Fimage%2F5723%2Fsmall%2F63b0ef7755de74914c5a50da256581d0721f73912ee4923b21.jpg&w=3840&q=50", "product_url": "https://shop.kimelo.com/sku/cheese-jack-pepper-sliced-8-15-lb-124829/124829"}}
{"text": "\n        Product: Cheese, Paneer, Gopi, 4/5 Lb\n        Price: $75.10\n        Price per Unit: $3.76/LB\n        Brand: Gopi\n        Category: Cheese\n        ", "metadata": {"title": "Cheese, Paneer, Gopi, 4/5 Lb", "price": "$75.10", "price_per_unit": "$3.76/LB", "brand": "Gopi", "category": "Cheese", "image_url": "https://shop.kimelo.com/_next/image?url=https%3A%2F%2Fd3tlizm80tjdt4.cloudfront.net%2Fremote_images%2Fimage%2F10816%2Fsmall%2F2048920d241626bd3bad46e85780c82aa9ba11b23f92f26222.jpg&w=3840&q=50", "product_url": "https://shop.kimelo.com/sku/cheese-paneer-gopi-45-lb/374574"}}
{"text": "\n        Product: Cheese, Cheddar, Mild, Loaf, (8) 5 Lb - 103670\n        Price: $16.99\n        Price per Unit: $3.40/LB\n        Brand: Cheswick\n        Category: Cheese\n        ", "metadata": {"title": "Cheese, Cheddar, Mild, Loaf, (8) 5 Lb - 103670", "price": "$16.99", "price_per_unit": "$3.40/LB", "brand": "Cheswick", "category": "Cheese", "image_url": "https://shop.kimelo.com/_next/image?url=https%3A%2F%2Fd3tlizm80tjdt4.cloudfront.net%2Fimage%2F11595%2Fimage%2Fsm-a149c106d663df481f081d8fa47bcf0f.jpeg&w=3840&q=50", "product_url": "https://shop.kimelo.com/sku/cheese-cheddar-mild-loaf-8-5-lb-103670/103670"}}
{"text": "\n        Product: Cheese, Mascarpone, Tub, Belgioioso, (4) 5 Lb - 107599\n        Price: $29.72\n        Price per Unit: $5.94/LB\n        Brand: Belgioioso\n        Category: Cheese\n        ", "metadata": {"title": "Cheese, Mascarpone, Tub, Belgioioso, (4) 5 Lb - 107599", "price": "$29.72", "price_per_unit": "$5.94/LB", "brand": "Belgioioso", "category": "Cheese", "image_url": "https://shop.kimelo.com/_next/image?url=https%3A%2F%2Fd3tlizm80tjdt4.cloudfront.net%2Fimage%2F17540%2Fimage%2Fsm-c373691cb060f68e4cc8b4904a692eda.png&w=3840&q=50", "product_url": "https://shop.kimelo.com/sku/cheese-mascarpone-tub-belgioioso-4-5-lb-107599/107599"}}
{"text": "\n        Product: Cheese, Feta, Crumbles, President, 2/5 Lb - 123341\n        Price: $44.11\n        Price per Unit: $4.41/LB\n        Brand: President\n        Category: Cheese\n        ", "metadata": {"title": "Cheese, Feta, Crumbles, President, 2/5 Lb - 123341", "price": "$44.11", "price_per_unit": "$4.41/LB", "brand": "President", "category": "Cheese", "image_url": "https://shop.kimelo.com/_next/image?url=https%3A%2F%2Fd3tlizm80tjdt4.cloudfront.net%2Fimage%2F17447%2Fimage%2Fsm-b7f1d5ebed658c7a48b315af49bb5e0d.png&w=3840&q=50", "product_url": "https://shop.kimelo.com/sku/cheese-feta-crumbles-president-25-lb-123341/123341"}}
{"text": "\n        Product: Cheese, Gorgonzola, Crumbles, 86464, (2) 5 Lb - 107598\n        Price: $24.53\n        Price per Unit: $4.91/LB\n        Brand: Belgioioso\n        Category: Cheese\n        ", "metadata": {"title": "Cheese, Gorgonzola, Crumbles, 86464, (2) 5 Lb - 107598", "price": "$24.53", "price_per_unit": "$4.91/LB", "brand": "Belgioioso", "category": "Cheese", "image_url": "https://shop.kimelo.com/_next/image?url=https%3A%2F%2Fd3tlizm80tjdt4.cloudfront.net%2Fimage%2F5982%2Fimage%2Fsm-9aa3ae766c94f5a2fcc8f244a97460de.jpg&w=3840&q=50", "product_url": "https://shop.kimelo.com/sku/cheese-gorgonzola-crumbles-86464-2-5-lb-107598/107598"}}
{"text": "\n        Product: Cheese, Mozzarella, Wmlm, Loaf, Professionale, 8/5 Lb 125731\n        Price: $98.20\n        Price per Unit: $2.46/LB\n        Brand: Galbani\n        Category: Cheese\n        ", "metadata": {"title": "Cheese, Mozzarella, Wmlm, Loaf, Professionale, 8/5 Lb 125731", "price": "$98.20", "price_per_unit": "$2.46/LB", "brand": "Galbani", "category": "Cheese", "image_url": "https://shop.kimelo.com/_next/image?url=https%3A%2F%2Fd3tlizm80tjdt4.cloudfront.net%2Fremote_images%2Fimage%2F7215%2Fsmall%2F0a7da17fd94fe5c52868137e402c2fb20947dba2f4b452a049.jpg&w=3840&q=50", "product_url": "https://shop.kimelo.com/sku/cheese-mozzarella-wmlm-loaf-professionale-85-lb-125731/125731"}}
{"text": "\n        Product: Cheese, Provolone, Sliced, (8) 1.5 Lb - 103601\n        Price: $6.58\n        Price per Unit: $4.39/LB\n        Brand: California Select Farms\n        Category: Cheese\n        ", "metadata": {"title": "Cheese, Provolone, Sliced, (8) 1.5 Lb - 103601", "price": "$6.58", "price_per_unit": "$4.39/LB", "brand": "California Select Farms", "category": "Cheese", "image_url": "https://shop.kimelo.com/_next/image?url=https%3A%2F%2Fd3tlizm80tjdt4.cloudfront.net%2Fimage%2F8966%2Fimage%2Fsm-0ad8abe6c7be4ec1371aa99b8a1fe80d.jpeg&w=3840&q=50", "product_url": "https://shop.kimelo.com/sku/cheese-provolone-sliced-8-15-lb-103601/103601"}}
{"text": "\n        Product: Cheese, Indian Paneer Bulk Fresh Loaf (4) 109240\n        Price: $20.58\n        Price per Unit: $4.12/LB\n        Brand: Royal Mahout\n        Category: Cheese\n        ", "metadata": {"title": "Cheese, Indian Paneer Bulk Fresh Loaf (4) 109240", "price": "$20.58", "price_per_unit": "$4.12/LB", "brand": "Royal Mahout", "category": "Cheese", "image_url": "https://shop.kimelo.com/_next/image?url=https%3A%2F%2Fd3tlizm80tjdt4.cloudfront.net%2Fimage%2F14820%2Fimage%2Fsm-d0fbe266cac5dbbfe601de287ad60344.png&w=3840&q=50", "product_url": "https://shop.kimelo.com/sku/cheese-indian-paneer-bulk-fresh-loaf-4-109240/109240"}}
{"text": "\n        Product: Cheese, Feta, Rbst Free, Estia, 24 Lb 124006\n        Price: $110.02\n        Price per Unit: $4.58/LB\n        Brand: Estia\n        Category: Cheese\n        ", "metadata": {"title": "Cheese, Feta, Rbst Free, Estia, 24 Lb 124006", "price": "$110.02", "price_per_unit": "$4.58/LB", "brand": "Estia", "category": "Cheese", "image_url": "https://shop.kimelo.com/_next/image?url=https%3A%2F%2Fd3tlizm80tjdt4.cloudfront.net%2Fremote_images%2Fimage%2F2271%2Fsmall%2F7de5ff58f2fa420e59ed1a97ee95b035b5f2ecaaba98eada2b.jpg&w=3840&q=50", "product_url": "https://shop.kimelo.com/sku/cheese-feta-rbst-free-estia-24-lb-124006/124006"}}
{"text": "\n        Product: Cheese, Monterey Jack, Shredded, Fancy, (4) 5 Lb - 108930\n        Price: $16.26\n        Price per Unit: $3.25/LB\n        Brand: Cheswick\n        Category: Cheese\n        ", "metadata": {"title": "Cheese, Monterey Jack, Shredded, Fancy, (4) 5 Lb - 108930", "price": "$16.26", "price_per_unit": "$3.25/LB", "brand": "Cheswick", "category": "Cheese", "image_url": "https://shop.kimelo.com/_next/image?url=https%3A%2F%2Fd3tlizm80tjdt4.cloudfront.net%2Fimage%2F7273%2Fimage%2Fsm-77f3fe57315491b5b760f3c783c2ce89.jpg&w=3840&q=50", "product_url": "https://shop.kimelo.com/sku/cheese-monterey-jack-shredded-fancy-4-5-lb-108930/108930"}}
{"text": "\n        Product: Cheese, Monterey Jack, Shredded, Feather, 4/5 Lb 125786\n        Price: $53.01\n        Price per Unit: $2.65/LB\n        Brand: Packer\n        Category: Cheese\n        ", "metadata": {"title": "Cheese, Monterey Jack, Shredded, Feather, 4/5 Lb 125786", "price": "$53.01", "price_per_unit": "$2.65/LB", "brand": "Packer", "category": "Cheese", "image_url": "https://shop.kimelo.com/_next/image?url=https%3A%2F%2Fd3tlizm80tjdt4.cloudfront.net%2Fremote_images%2Fimage%2F7236%2Fsmall%2Fe06462a3ca2ee281ec7fdc39e2aecc73c78ebcb6f4d822cc2b.jpg&w=3840&q=50", "product_url": "https://shop.kimelo.com/sku/cheese-monterey-jack-shredded-feather-45-lb-125786/125786"}}
{"text": "\n        Product: Cheese, Goat, Crumbled, 2/2 Lb - 123365\n        Price: $33.40\n        Price per Unit: $8.35/LB\n        Brand: President\n        Category: Cheese\n        ", "metadata": {"title": "Cheese, Goat, Crumbled, 2/2 Lb - 123365", "price": "$33.40", "price_per_unit": "$8.35/LB", "brand": "President", "category": "Cheese", "image_url": "https://shop.kimelo.com/_next/image?url=https%3A%2F%2Fd3tlizm80tjdt4.cloudfront.net%2Fremote_images%2Fimage%2F1031%2Fsmall%2F1eadcc43f580efc477560afb62f337d4bfeb222e8f63032220.jpg&w=3840&q=50", "product_url": "https://shop.kimelo.com/sku/cheese-goat-crumbled-22-lb-123365/123365"}}
{"text": "\n        Product: Cheese, Mozzarella, Fresh, Loaf, Sliced, 6/1 Lb - 123535\n        Price: $38.68\n        Price per Unit: $6.45/LB\n        Brand: Galbani\n        Category: Cheese\n        ", "metadata": {"title": "Cheese, Mozzarella, Fresh, Loaf, Sliced, 6/1 Lb - 123535", "price": "$38.68", "price_per_unit": "$6.45/LB", "brand": "Galbani", "category": "Cheese", "image_url": "https://shop.kimelo.com/_next/image?url=https%3A%2F%2Fd3tlizm80tjdt4.cloudfront.net%2Fremote_images%2Fimage%2F1088%2Fsmall%2Fe9d4570a644a2ae0665f696c669bff43b9d6ccd681d0ebc349.jpg&w=3840&q=50", "product_url": "https://shop.kimelo.com/sku/cheese-mozzarella-fresh-loaf-sliced-61-lb-123535/123535"}}
{"text": "\n        Product: Cheese, Swiss, Sliced, (8) 1.5 Lb - 103602\n        Price: $8.12\n        Price per Unit: $5.41/LB\n        Brand: California Select Farms\n        Category: Cheese\n        ", "metadata": {"title": "Cheese, Swiss, Sliced, (8) 1.5 Lb - 103602", "price": "$8.12", "price_per_unit": "$5.41/LB", "brand": "California Select Farms", "category": "Cheese", "image_url": "https://shop.kimelo.com/_next/image?url=https%3A%2F%2Fd3tlizm80tjdt4.cloudfront.net%2Fimage%2F8967%2Fimage%2Fsm-e52f47ae6c00dd8381ee99b9ffda17dd.jpeg&w=3840&q=50", "product_url": "https://shop.kimelo.com/sku/cheese-swiss-sliced-8-15-lb-103602/103602"}}
